[
@book{riel_2001,
    place={Madrid}, 
    title={Comunicaci{\'o}n corporativa},
    publisher={Prentice Hall},
    author={Riel, Cees B. M. van.},
    year={2001}
},
@misc{linkedin,
    title={LinkedIn: 81\% of Small and Medium-Sized Businesses Use Social Media},
    howpublished = "\url{https://mashable.com/2014/02/13/linkedin-social-media-study}",
    note={Accedido: 2/3/2020}
},
@article{grande2015casos,
    title={Casos de {\'e}xito en redes sociales digitales de las administraciones p{\'u}blicas.},
    author={Grande, J Ignacio Criado and Mart{\'\i}n, Francisco Rojas and i Baget, Jes{\'u}s Palomar and Losada, Alejandro Salgado and Navarro, Jos{\'e} Mar{\'\i}a Blanco and Barrero, David F and M{\'e}ndez, Antonio D{\'\i}az and Grande, Francisco Rojas Mart{\'\i}n and Losada, Alejandro Salgado and Pascual, Antonio Ib{\'a}{\~n}ez and others},
    journal={Casos de {\'e}xito en redes sociales digitales de las administraciones p{\'u}blicas},
    pages={4},
    year={2015}
},
@misc{appstore,
    title={Number of available apps in the Apple App Store from 1st quarter 2015 to 4th quarter 2019},
    howpublished = "\url{https://www.statista.com/statistics/779768/number-of-available-apps-in-the-apple-app-store-quarter/}",
    note={Accedido: 2/3/2020}
},
@misc{playstore,
    title={Number of available apps at Google Play from 2nd quarter 2015 to 4th quarter 2019},
    howpublished = "\url{https://www.statista.com/statistics/289418/number-of-available-apps-in-the-google-play-store-quarter/}",
    note={Accedido: 2/3/2020}
},
@article{nadaraja2013socialmediamarketing,
    author = {Nadaraja, Rubathee and Yazdanifard, Assc. Prof. Dr. Rashad},
    year = {2013},
    month = {09},
    pages = {5-7},
    title = {Social Media Marketing SOCIAL MEDIA MARKETING: ADVANTAGES AND DISADVANTAGES}
}
]